@misc{laser,
	title={Laser},
	howpublished="\url{http://cs.wikipedia.org/wiki/Laser}"},
	year={2013},
	note=”[Online; cit. 2013-03-25]”
}

@book{eowm,
	title={Engineering Optics With MATLAB},
	author = {Tomg-Chung Poon and Taegeun Kim},
	year = {2006},
	publisher = {World Scientific Publishing Co. Pte. Ltd.}
}

@misc{cavity,
	title={Optical cavity},
	howpublished="\url{http://en.wikipedia.org/wiki/Optical_cavity}"},
	year={2013},
	note=”[Online; cit. 2013-03-24]”
}

@book{optics,
title={Optics and Photonics: An Introduction},
author={F.Graham Smith and Terry King and Dan Wilkins},
year={2007},
isbn={978-0-470-01784-5},
publisher={John Wiley \& Sons, Ltd.}
}

@book{encyklopedie,
title={Lasery a moderní optika},
author={Miroslava Vrbová a kol.},
year={1994},
isbn={80-85849-56-9},
publisher={CENTA}
}

@book{hrw,
title={Fyzika: Vysokoškolská učebnice obecné fyziky},
author={David Halliday and Robert Resnick and Jearl Walker},
year={2000},
isbn={80-214-1869-9},
publisher={VUTIUM}
}

@book{funds,
title={Fundamentals of Light Sources and Lasers},
author={Mark Csele},
year={2004},
isbn={0-471-47660-9},
publisher={John Wiley \& Sons, Ltd.}
}

